@InProceedings{Rijksmuseum,
  author       = "Mensink, T. E. J. and van Gemert, J. C.",
  title        = "The Rijksmuseum Challenge: Museum-Centered Visual Recognition",
  booktitle    = "ACM International Conference on Multimedia Retrieval",
  year         = "2014",
  url          = "https://ivi.fnwi.uva.nl/isis/publications/2014/MensinkICMIR2014",
  pdf          = "https://ivi.fnwi.uva.nl/isis/publications/2014/MensinkICMIR2014/MensinkICMIR2014.pdf",
  has_image    = 1
}

@ARTICLE{VAE,
       author = {{Kingma}, Diederik P and {Welling}, Max},
        title = "{Auto-Encoding Variational Bayes}",
      journal = {arXiv e-prints},
     keywords = {Statistics - Machine Learning, Computer Science - Machine Learning},
         year = "2013",
        month = "Dec",
          eid = {arXiv:1312.6114},
        pages = {arXiv:1312.6114},
archivePrefix = {arXiv},
       eprint = {1312.6114},
 primaryClass = {stat.ML},
       adsurl = {https://ui.adsabs.harvard.edu/abs/2013arXiv1312.6114K},
      adsnote = {Provided by the SAO/NASA Astrophysics Data System}
}

@ARTICLE{BlackBoxVI,
       author = {{Ranganath}, Rajesh and {Gerrish}, Sean and {Blei}, David M.},
        title = "{Black Box Variational Inference}",
      journal = {arXiv e-prints},
     keywords = {Statistics - Machine Learning, Computer Science - Machine Learning, Statistics - Computation, Statistics - Methodology},
         year = "2013",
        month = "Dec",
          eid = {arXiv:1401.0118},
        pages = {arXiv:1401.0118},
archivePrefix = {arXiv},
       eprint = {1401.0118},
 primaryClass = {stat.ML},
       adsurl = {https://ui.adsabs.harvard.edu/abs/2014arXiv1401.0118R},
      adsnote = {Provided by the SAO/NASA Astrophysics Data System}
}

@ARTICLE{AutomatedVI,
       author = {{Wingate}, David and {Weber}, Theophane},
        title = "{Automated Variational Inference in Probabilistic Programming}",
      journal = {arXiv e-prints},
     keywords = {Statistics - Machine Learning, Computer Science - Artificial Intelligence, Computer Science - Machine Learning},
         year = "2013",
        month = "Jan",
          eid = {arXiv:1301.1299},
        pages = {arXiv:1301.1299},
archivePrefix = {arXiv},
       eprint = {1301.1299},
 primaryClass = {stat.ML},
       adsurl = {https://ui.adsabs.harvard.edu/abs/2013arXiv1301.1299W},
      adsnote = {Provided by the SAO/NASA Astrophysics Data System}
}

@article{SVI,
  author  = {Matthew D. Hoffman and David M. Blei and Chong Wang and John Paisley},
  title   = {Stochastic Variational Inference},
  journal = {Journal of Machine Learning Research},
  year    = {2013},
  volume  = {14},
  pages   = {1303-1347},
  url     = {http://jmlr.org/papers/v14/hoffman13a.html}
}

@ARTICLE{NUTS,
       author = {{Hoffman}, Matthew D. and {Gelman}, Andrew},
        title = "{The No-U-Turn Sampler: Adaptively Setting Path Lengths in Hamiltonian Monte Carlo}",
      journal = {arXiv e-prints},
     keywords = {Statistics - Computation, Computer Science - Machine Learning},
         year = "2011",
        month = "Nov",
          eid = {arXiv:1111.4246},
        pages = {arXiv:1111.4246},
archivePrefix = {arXiv},
       eprint = {1111.4246},
 primaryClass = {stat.CO},
       adsurl = {https://ui.adsabs.harvard.edu/abs/2011arXiv1111.4246H},
      adsnote = {Provided by the SAO/NASA Astrophysics Data System}
}
